@article{OHalloran2016,
    title = {{A Digital Mixed Methods Research Design: Integrating Multimodal Analysis With Data Mining and Information Visualization for Big Data Analytics}},
    year = {2016},
    journal = {Journal of Mixed Methods Research},
    author = {O’Halloran, Kay L and Tan, Sabine and Pham, Duc-Son and Bateman, John and Vande Moere, Andrew},
    pages = {1--20},
    volume = {May},
    url = {http://mmr.sagepub.com/content/early/2016/05/31/1558689816651015.abstract},
    doi = {10.1177/1558689816651015},
    issn = {1558-6898},
    keywords = {data mining, defined as, digital, information visualization, mixed methods design, mixed methods research is, multimodal discourse analysis, social semiotics}
}

@article{Zhu2016,
    title = {{A Framework-Based Approach to Utility Big Data Analytics}},
    year = {2016},
    journal = {IEEE Transactions on Power Systems},
    author = {Zhu, Jun and Zhuang, Eric and Fu, Jian and Baranowski, John and Ford, Andrew and Shen, James},
    number = {3},
    pages = {2455--2462},
    volume = {31},
    isbn = {08858950 (ISSN)},
    doi = {10.1109/TPWRS.2015.2462775},
    issn = {08858950},
    keywords = {Big data analytics, Common Information Model (CIM), software framework, visual data mining}
}

@article{Jayaraman2002,
    title = {{A Radial Focus+Context Visualization for Multi-Dimensional Functions}},
    year = {2002},
    journal = {Visualization, 2002. VIS 2002. IEEE},
    author = {Jayaraman, Sanjini and North, Chris},
    pages = {443--450},
    url = {http://infovis.cs.vt.edu/},
    keywords = {CR Categories, H52 [Information Interfaces and Presentation], I36 [Computer Graphics], User Interfaces – Graphical user interfaces, Visualization, multidimensional functions}
}

@article{S.MD.Mujeeb2005,
    title = {{A Relative Study on Big Data Applications and Techniques}},
    year = {2005},
    journal = {International Journal of Engineering and Innovative Technology (IJEIT)},
    author = {Mujeeb, S. MD. and Naidu, L. Kasi},
    number = {10},
    volume = {4}
}

@article{Kreuseler2000,
    title = {{A Scalable Framework for Information Visualization}},
    year = {2000},
    journal = {Proc. IEEE Symposium on Information Visualization},
    author = {Kreuseler, M and Lopez, N and Schumann, H},
    number = {November},
    pages = {27--36}
}

@article{Ertl2006,
    title = {{A Spectral Visualization System for Analyzing Financial Time Series Data}},
    year = {2006},
    journal = {Eurographics/ IEEE-VGTC Symposium on Visualization},
    author = {Ertl, Thomas and Joy, Ken and Santos, Beatriz and Keim, Daniel A and Nietzschmann, Tilo and Schelwies, Norman and Schneidewind, Jörn and Schreck, Tobias and Ziegler, Hartmut},
    keywords = {H4 Information Interfaces and Presentation, I33 [Computer Graphics], Picture/Image Generation H4 [Information Systems]}
}

@article{Goebel1999,
    title = {{A survey of data mining and knowledge discovery software tools}},
    year = {1999},
    journal = {ACM SIGKDD Explorations Newsletter},
    author = {Goebel, Michael and Gruenwald, Le},
    number = {1},
    pages = {20--33},
    volume = {1},
    isbn = {978-3-540-41089-8},
    doi = {10.1145/846170.846172},
    issn = {19310145},
    keywords = {data mining, knowledge discovery in databases, surveys}
}

@article{ellis2007taxonomy,
    title = {{A taxonomy of clutter reduction for information visualisation}},
    year = {2007},
    journal = {IEEE transactions on visualization and computer graphics},
    author = {Ellis, Geoffrey and Dix, Alan},
    number = {6},
    pages = {1216--1223},
    volume = {13},
    publisher = {IEEE}
}

@article{Cappellari2003,
    title = {{Adaptive spatial binning of integral-field spectroscopic data using Voronoi tessellations}},
    year = {2003},
    journal = {Monthly Notices of the Royal Astronomical Society},
    author = {Cappellari, Michele and Copin, Yannick},
    isbn = {1365-2966},
    doi = {10.1046/j.1365-8711.2003.06541.x},
    issn = {00358711},
    arxivId = {astro-ph/0302262},
    keywords = {Methods: data analysis, Techniques: photometric, Techniques: spectroscopic}
}

@article{Freitag1999,
    title = {{Adaptive, Multiresolution Visualization of Large Data Sets using a Distributed Memory Octree}},
    year = {1999},
    journal = {Proceedings of the 1999 ACM/IEEE conference on Supercomputing},
    author = {Freitag, Lori A and Loy, Raymond M},
    pages = {60},
    keywords = {Adaptive Visualization, Interactive Visualization, Multi-Resolution Visualization, Parallel Octrees}
}

@book{manuals2015advanced,
    title = {{Advanced Reporting Guide for MicroStrategy 9.5}},
    year = {2015},
    author = {Manuals, M S P},
    publisher = {MicroStrategy, Inc.},
    url = {https://books.google.de/books?id=nAafBgAAQBAJ},
    isbn = {9781938244759}
}

@article{Zhang1998,
    title = {{An image construction method for visualizing managerial data}},
    year = {1998},
    journal = {Decision Support Systems},
    author = {Zhang, Ping},
    pages = {371--387},
    volume = {23},
    keywords = {Decision making support, Information visualization, Manufacturing production planning}
}

@article{Fanea2005,
    title = {{An Interactive 3D Integration of Parallel Coordinates and Star Glyphs}},
    year = {2005},
    journal = {Information Visualization, 2005. INFOVIS 2005. IEEE Symposium on. IEEE},
    author = {Fanea, Elena and Carpendale, Sheelagh and Isenberg, Tobias},
    pages = {149--156},
    keywords = {3D visualization, CR Categories, H52 [Information Interfaces and Presentation], I36 [Computer Graphics], In-teraction Styles Keywords, Methodology and Techniques—Interaction Techniques, Parallel coordinates, User Interfaces—Graphical User Interfaces, multi-dimensional data sets, star glyphs}
}

@inproceedings{Keim2000Tut,
    title = {{An Introduction to Information Visualization Techniques for Exploring Large Databases}},
    year = {2000},
    booktitle = {Tutorial Notes of the IEEE Int. Conference on Visualization. IEEE CS},
    author = {Keim, Daniel A},
    url = {http://www.informatik.uni-halle.de/{\~{}}keim}
}

@article{Yur2013,
    title = {{Analytical Review of Data Visualization Methods in Application to Big Data}},
    year = {2013},
    author = {Yur, Evgeniy and Vasil, Vasiliy},
    volume = {2013}
}

@inproceedings{Cuzzocrea2011,
    title = {{Analytics over Large-Scale Multidimensional Data: The Big Data Revolution!}},
    year = {2011},
    booktitle = {Proceedings of the ACM 14th international workshop on Data Warehousing and OLAP},
    author = {Cuzzocrea, Alfredo and Song, Il-Yeol and Davis, Karen C},
    pages = {101--104},
    keywords = {Analytics over Big Multidimensional Data, Data Warehousing, Design, Management, OLAP, Performance, Theory Keywords Analytics over Big Data}
}

@inproceedings{cuzzocrea2011analytics,
    title = {{Analytics over large-scale multidimensional data: the big data revolution!}},
    year = {2011},
    booktitle = {Proceedings of the ACM 14th international workshop on Data Warehousing and OLAP},
    author = {Cuzzocrea, Alfredo and Song, Il-Yeol and Davis, Karen C},
    pages = {101--104},
    organization = {ACM}
}

@book{Ao2010,
    title = {{Applied Time Series Analysis and Innovative Computing}},
    year = {2010},
    author = {Ao, Sio-Iong},
    pages = {1689--1699},
    volume = {59},
    url = {http://link.springer.com/10.1007/978-90-481-8768-3},
    isbn = {978-90-481-8767-6},
    doi = {10.1007/978-90-481-8768-3},
    issn = {1098-6596},
    pmid = {25246403},
    arxivId = {arXiv:1011.1669v3},
    keywords = {icle}
}

@article{Tatu2010,
    title = {{Automated analytical methods to support visual exploration of high-dimensional data}},
    year = {2010},
    journal = {IEEE Trans.Vis.Comput.Graph.},
    author = {Tatu, Andrada and Albuquerque, Georgia and Eisemann, Martin and Bak, Peter and Theisel, Holger and Magnor, Marcus and Keim, Daniel A},
    number = {5},
    pages = {584--597},
    volume = {17},
    url = {http://www.ncbi.nlm.nih.gov/pubmed/21041874},
    doi = {10.1109/TVCG.2010.242},
    issn = {1941-0506},
    pmid = {21041874},
    keywords = {DIMENSIONS, FEATURES, MULTIVARIATE, PROJECTION, Paper, REPRESENTATION, SPEED, Universities, analysis, data analysis, parallel, visual, visualization}
}

@inproceedings{Tominski2004,
    title = {{Axes-Based Visualizations with Radial Layouts}},
    year = {2004},
    booktitle = {Proceedings of the 2004 ACM symposium on Applied computing},
    author = {Tominski, Christian and Abello, James and Schumann, Heidrun},
    pages = {1242--1247},
    publisher = {ACM},
    keywords = {Axes-Based Techniques, Design, Human Factors Keywords Visualization, Multidimensional Data Analysis, User Interfaces – graphical user interfaces, interaction styles I36 [Computer Graphics]}
}

@inproceedings{correll2014bad,
    title = {{Bad for Data, Good for the Brain: Knowledge-First Axioms For Visualization Design}},
    year = {2014},
    booktitle = {IEEE VIS 2014},
    author = {Correll, Michael and Gleicher, Michael}
}

@article{q,
    title = {{Best Practices for Designing Efficient Tableau Workbooks}},
    year = {2013},
    author = {Eldridge, Author Alan},
    number = {January}
}

@article{Russom2011,
    title = {{Big data analytics}},
    year = {2011},
    journal = {TDWI Best Practices Report},
    author = {Russom, Philip},
    pages = {1--35}
}

@article{Elragal2014,
    title = {{Big Data Analytics: A Literature Review Paper}},
    year = {2014},
    journal = {Lecture Notes in Computer Science},
    author = {Elragal, Ahmed and Elgendy, Nada},
    doi = {10.1007/978-3-319-08976-8{\_}16}
}

@article{Wang2015,
    title = {{Big Data and Visualization: Methods, Challenges and Technology Progress}},
    year = {2015},
    journal = {Digital Technologies},
    author = {Wang, Lidong and Wang, Guanghui and Alexander, Cheryl Ann},
    number = {1},
    pages = {33--38},
    volume = {1},
    url = {http://pubs.sciepub.com/dt/1/1/7},
    doi = {10.12691/dt-1-1-7},
    keywords = {Big Data, cloud computing, information technology, interactive visualization, networks, telecommunication systems, virtual reality, visualization}
}

@techreport{Bean2016,
    title = {{Big Data Executive Survey 2016 An Update on the Adoption of Big Data in the Fortune 1000}},
    year = {2016},
    author = {Bean, Randy},
    pages = {16},
    url = {http://newvantage.com/wp-content/uploads/2016/01/Big-Data-Executive-Survey-2016-Findings-FINAL.pdf},
    institution = {NewVantage Partners LLC}
}

@article{Sagiroglu2013,
    title = {{Big data: A review}},
    year = {2013},
    journal = {2013 International Conference on Collaboration Technologies and Systems (CTS)},
    author = {Sagiroglu, Seref and Sinanc, Duygu},
    number = {December},
    pages = {42--47},
    url = {http://ieeexplore.ieee.org/lpdocs/epic03/wrapper.htm?arnumber=6567202},
    isbn = {978-1-4673-6404-1},
    doi = {10.1109/CTS.2013.6567202},
    issn = {9781467364034},
    pmid = {1467720121},
    keywords = {big data, variety, velocity, verification, volume}
}

@article{Wickham2013,
    title = {{Bin-summarise-smooth: A framework for visualising large data}},
    year = {2013},
    journal = {had. co. nz, Tech. Rep},
    author = {Wickham, Hadley}
}

@misc{qlikVisExtensions,
    title = {{Building visualization extensions ‒ Qlik Sense}},
    url = {https://help.qlik.com/en-US/sense-developer/2.0/Subsystems/Extensions/Content/extensions-introduction.htm}
}

@article{Tegarden1999,
    title = {{Business Information Visualization}},
    year = {1999},
    author = {Tegarden, David P},
    keywords = {artificial reality, data visualization, decision support systems, information visualization, scientific visualization, virtual environment, virtual reality}
}

@article{Zhang1995,
    title = {{Business Information Visualization for Decision-Making Support --A Research Strategy}},
    year = {1995},
    journal = {The School of Information Studies Faculty Scholarship},
    author = {Zhang, Ping and Whinston, Andrew B},
    volume = {15},
    url = {http://surface.syr.edu/istpub http://surface.syr.edu/istpub/15}
}

@article{Bacic2013,
    title = {{Business Information Visualization: A Visual Intelligence- Based Framework}},
    year = {2013},
    journal = {AMCIS 2013 Proceedings},
    author = {Ba{\v{c}}i{\'{c}}, Dinko and Fadlalla, Adam},
    pages = {1--9},
    keywords = {Business Information Visualization, Business Intelligence, Decision Performance, Visual Intelligence}
}

@article{Zhang2001,
    title = {{Business Information Visualization: Guidance for Research and Practice}},
    year = {2001},
    author = {Zhang, Ping},
    number = {32},
    pages = {61--77},
    volume = {27}
}

@article{Chen2012,
    title = {{Business Intelligence and Analytics: From Big Data to Big Impact.}},
    year = {2012},
    journal = {MIS quarterly},
    author = {Chen, Hsinchun and Chiang, Roger H L and Storey, Veda C},
    number = {4},
    pages = {1165--1188},
    volume = {36}
}

@misc{ITCentralStation2017,
    title = {{Business Intelligence Tools Vendors | IT Central Station}},
    year = {2017},
    author = {{IT Central Station}},
    url = {https://www.itcentralstation.com/categories/business-intelligence-tools}
}

@inproceedings{Dix2002,
    title = {{by chance enhancing interaction with large data sets through statistical sampling}},
    year = {2002},
    booktitle = {Proceedings of the Working Conference on Advanced Visual Interfaces},
    author = {Dix, Alan and Ellis, Geoff},
    pages = {167--176},
    url = {http://www.hcibook/com/alan/papers/avi2002/},
    keywords = {Categories and, Descriptors, Subject}
}

@misc{qlikCalculated,
    title = {{Calculated dimensions ‒ Qlik Sense}},
    url = {https://help.qlik.com/en-US/sense/3.1/Subsystems/Hub/Content/Dimensions/calculated-dimensions.htm}
}

@inproceedings{Keim2006,
    title = {{Challenges in Visual Data Analysis}},
    year = {2006},
    booktitle = {Information Visualization, 2006. IV 2006. Tenth International Conference on},
    author = {Keim, Daniel A and Mansmann, Florian and Schneidewind, Jörn and Ziegler, Hartmut},
    pages = {9--16},
    publisher = {IEEE}
}

@misc{qlikChangeData,
    title = {{Change the data of a visualization ‒ Qlik Sense}},
    url = {https://help.qlik.com/en-US/sense/3.1/Subsystems/Hub/Content/Visualizations/change-data-of-visualization.htm}
}

@article{Stone2006,
    title = {{Choosing Colors for Data Visualization}},
    year = {2006},
    journal = {Perceptual Edge},
    author = {Stone, Maureen},
    pages = {1--10},
    url = {http://www.perceptualedge.com/articles/b-eye/choosing{\_}colors.pdf},
    doi = {10.1111/j.1600-0854.2008.00863.x},
    issn = {1600-0854},
    pmid = {19055693},
    keywords = {A Field Guide to Digital Color, BI, Maureen Stone, business intelligence, data analysis, data visualization, graph design, information visualization}
}

@article{Etemadpour2016,
    title = {{Choosing visualization techniques for multidimensional data projection tasks: A guideline with examples}},
    year = {2016},
    journal = {Communications in Computer and Information Science},
    author = {Etemadpour, Ronak and Linsen, Lars and Paiva, Jose Gustavo and Crick, Christopher and Forbes, Angus Graeme},
    pages = {166--186},
    volume = {598},
    isbn = {9783319299716},
    doi = {10.1007/978-3-319-29971-6{\_}9},
    issn = {18650929},
    keywords = {Multidimensional data analysis, Multidimensional data projection, Task taxonomy, User-centric evaluation}
}

@inproceedings{Keim2004,
    title = {{Circle View - A New Approach for Visualizing Time related Multidimensional Data Sets}},
    year = {2004},
    booktitle = {Proceedings of the working conference on Advanced visual interfaces},
    author = {Keim, Daniel A and Schneidewind, Orn and Sips, Mike},
    pages = {179--182},
    keywords = {Advanced Visual Interface, Continuos Data Streams, User Interfaces, Visual data mining}
}

@article{Krzywinski2009,
    title = {{Circos: an Information Aesthetic for Comparative Genomics}},
    year = {2009},
    journal = {Genome Res},
    author = {Krzywinski, M. et al},
    number = {604},
    pages = {1639--1645},
    volume = {19},
    url = {http://circos.ca/intro/genomic{\_}data/},
    doi = {10.1101/gr.092759.109.19}
}

@misc{Vessey1991,
    title = {{Cognitive fit: An empirical study of information acquisition}},
    year = {1991},
    booktitle = {Information Systems Research},
    author = {Vessey, Iris and Galletta, Dennis},
    number = {1},
    pages = {63--84},
    volume = {2},
    isbn = {1047-7047},
    doi = {10.1287/isre.2.1.63},
    issn = {10477047},
    pmid = {4431368},
    keywords = {Cognitive fit, Information acquisition, Numeric skills, Spatial skills, Spatial tasks, Symbolic tasks}
}

@article{Piringer2012,
    title = {{Comparative Visual Analysis of 2D Function Ensembles}},
    year = {2012},
    journal = {Computer Graphics Forum},
    author = {Piringer, Harald and Pajer, Stephan and Berger, Wolfgang and Teichmann, H.},
    number = {3.3},
    pages = {1195--1204},
    volume = {31},
    url = {http://doi.wiley.com/10.1111/j.1467-8659.2012.03112.x},
    isbn = {1467-8659},
    doi = {10.1111/j.1467-8659.2012.03112.x},
    issn = {01677055}
}

@inproceedings{Harger2012,
    title = {{Comparison of Open Source Visual Analytics Toolkits}},
    year = {2012},
    booktitle = {IS {\&} T/SPIE Electronic Imaging},
    author = {Harger, John R and Crossno, Patricia J},
    pages = {82940E--82940E},
    keywords = {Visual Analytics, comparison, evaluation, open source, toolkits}
}

@article{Leivant1991,
    title = {{Computational Feasibility}},
    year = {1991},
    author = {Leivant, Daniel},
    pages = {2--11}
}

@inproceedings{Paterno1997,
    title = {{ConcurTaskTrees: A diagrammatic notation for specifying task models}},
    year = {1997},
    booktitle = {Human-Computer Interaction INTERACT’97},
    author = {Patern{\`{o}}, Fabio and Mancini, Cristiano and Meniconi, Silvia},
    pages = {362--369},
    organization = {Springer}
}

@article{Robertson1991,
    title = {{Cone trees: animated 3D visualizations of hierarchical information}},
    year = {1991},
    journal = {Proceedings of the SIGCHI conference on Human factors in computing systems. ACM},
    author = {Robertson, George G. and {Jock D. Mackinlay} and {Stuart K. Card}}
}

@misc{mvtsplot,
    title = {{CRAN - Package mvtsplot}},
    year = {2012},
    author = {Peng, Roger D.},
    url = {https://cran.r-project.org/web/packages/mvtsplot/index.html}
}

@misc{tswge,
    title = {{CRAN - Package tswge}},
    year = {2016},
    author = {Woodward, Wayne},
    url = {https://cran.r-project.org/web/packages/tswge/index.html}
}

@article{Few2012,
    title = {{Criteria for Evaluating Visual EDA Tools}},
    year = {2012},
    journal = {Visual Business Intelligence Newsletter. Perceptual Edge},
    author = {Few, Stephen},
    keywords = {EDA, Now You See It, Stephen Few, data visualization, exploratory data analysis, information visualization, visualization}
}

@book{Meeks2015,
    title = {{D3. js in Action}},
    year = {2015},
    author = {Meeks, Elijah},
    publisher = {Manning},
    isbn = {9781617292118}
}

@article{Spence1982,
    title = {{Data base navigation: an office environment for the professional}},
    year = {1982},
    journal = {Behaviour Information Technology},
    author = {Spence, Robert and Apperley, Mark},
    number = {1},
    pages = {43--54},
    volume = {1},
    url = {http://www.informaworld.com/index/777751997.pdf},
    isbn = {1558605339},
    doi = {10.1080/01449298208914435},
    issn = {0144929X}
}

@article{SAS2012,
    title = {{Data Visualization: Making Big Data Approachable and Valuable}},
    year = {2012},
    journal = {Whitepaper, Source: IDG Research Services},
    author = {{SAS}},
    pages = {4}
}

@article{PhilipChen2014,
    title = {{Data-intensive applications, challenges, techniques and technologies: A survey on Big Data}},
    year = {2014},
    journal = {Information Sciences},
    author = {Philip Chen, C. L. and Zhang, Chun Yang},
    isbn = {0020-0255},
    doi = {10.1016/j.ins.2014.01.015},
    issn = {00200255},
    pmid = {96027714},
    keywords = {Big Data, Cloud computing, Data-intensive computing, Parallel and distributed computing, e-Science}
}

@article{Keim2000,
    title = {{Designing Pixel-oriented Visualization Techniques : Theory and Applications}},
    year = {2000},
    journal = {IEEE Transactions on visualization and computer graphics},
    author = {Keim, Daniel A},
    pages = {59--78},
    volume = {6.1},
    keywords = {Index TermsÐInformation visualization, visual data exploration, visual data mining ae, visualizing large data sets, visualizing multidimensional and multivariate data}
}

@article{Hochheiser2004,
    title = {{Dynamic query tools for time series data sets: Timebox widgets for interactive exploration}},
    year = {2004},
    journal = {Information Visualization},
    author = {Hochheiser, Harry and Shneiderman, Ben},
    pages = {1--18},
    volume = {3},
    url = {http://www.cs.umd.edu/hcil/},
    doi = {10.1057/palgrave.ivs.9500061},
    keywords = {TimeSearcher, angular queries, bioinformatics, dynamic query, graphical user interfaces, temporal data, time series, timeboxes, visual query}
}

@article{Robertson2013,
    title = {{Effectiveness of Animation in Trend Visualization}},
    year = {2013},
    journal = {IEEE Transactions on Visualization and Computer Graphics},
    author = {Robertson, George and Fernandez, Roland and Fisher, Danyel and Lee, Bongshin and Stasko, John},
    number = {6},
    volume = {14},
    keywords = {Index Terms—Information visualization, animation, design, experiment, trends}
}

@phdthesis{bhagattjee2014emergence,
    title = {{Emergence and taxonomy of big data as a service}},
    year = {2014},
    author = {Bhagattjee, Benoy},
    school = {Massachusetts Institute of Technology}
}

@article{kohavi2002emerging,
    title = {{Emerging trends in business analytics}},
    year = {2002},
    journal = {Communications of the ACM},
    author = {Kohavi, Ron and Rothleder, Neal J and Simoudis, Evangelos},
    number = {8},
    pages = {45--48},
    volume = {45},
    publisher = {ACM}
}

@article{knobel2009evaluation,
    title = {{Evaluation von Informationsvisualisierung im industriellen Umfeld Antrittsvortrag Diplomarbeit}},
    year = {2009},
    author = {Knobel, Martin}
}

@article{Luo2012,
    title = {{EventRiver: Visually Exploring Text Collections With Temporal References}},
    year = {2012},
    journal = {IEEE transactions on visualization and computer graphics},
    author = {Luo, Dongning and Yang, Jing and Krstajic, Milos and Ribarsky, William and Keim, Daniel A},
    number = {1},
    pages = {93--105},
    volume = {18},
    keywords = {Clustering, Event, Index Terms—Visual Analytics, Information Visualization, Text, Topic}
}

@inproceedings{Bikakis2016,
    title = {{Exploration and visualization in the web of big linked data: A survey of the state of the art}},
    year = {2016},
    booktitle = {CEUR Workshop Proceedings},
    author = {Bikakis, Nikos and Sellis, Timos},
    issn = {16130073},
    arxivId = {1601.08059},
    keywords = {Big data challenges, Data exploration, Large databases, Scalability, Semantic web, Visual analytics, Visual exploration, Visualization tools}
}

@book{Andrienko2006,
    title = {{Exploratory Analysis of Spatial and Temporal Data}},
    year = {2006},
    author = {Andrienko, G. and Andrienko, N.},
    pages = {712},
    url = {http://0-download.springer.com.fama.us.es/static/pdf/598/bok:978-3-540-31190-4.pdf?originUrl=http://0-link.springer.com.fama.us.es/book/10.1007/3-540-31190-4{\&}token2=exp=1453807185{\~{}}acl=/static/pdf/598/bok{\%}3A978-3-540-31190-4.pdf},
    isbn = {9783540259947},
    doi = {10.1007/3-540-31190-4}
}

@article{LeBlanc1990,
    title = {{Exploring n-dimensional databases}},
    year = {1990},
    journal = {Proceedings of the 1st conference on Visualization'90.IEEE Computer Society Press},
    author = {LeBlanc, Jeffre and {Matthew O. Ward} and {Norman Wittels}}
}

@article{Shneiderman2008,
    title = {{Extreme Visualization: Squeezing a Billion Records into a Million Pixels}},
    year = {2008},
    journal = {Proceedings of the 2008 ACM SIGMOD international conference on Management of data},
    author = {Shneiderman, Ben},
    pages = {3--12},
    doi = {10.1145/1376616.1376618},
    keywords = {Author's kit, Conference Publications, Guides, instructions}
}

@misc{Bostock2012,
    title = {{Fisheye Distortion}},
    year = {2012},
    author = {Bostock, Mike},
    url = {https://bost.ocks.org/mike/fisheye/}
}

@book{Ware2012,
    title = {{Foundation for a Science of Data Visualization}},
    year = {2012},
    booktitle = {Information Visualization: Perception for Design},
    author = {Ware, Colin},
    pages = {1--27},
    isbn = {1558608192},
    doi = {10.1016/B978-0-12-381464-7.00001-6},
    issn = {1473-8716},
    pmid = {13407295}
}

@article{FerreiradeOliveira2003a,
    title = {{From visual data exploration to visual data mining: A survey}},
    year = {2003},
    journal = {IEEE Transactions on Visualization and Computer Graphics},
    author = {Ferreira de Oliveira, Maria Cristina and Levkowitz, Haim},
    isbn = {1077-2626},
    doi = {10.1109/TVCG.2003.1207445},
    issn = {10772626},
    keywords = {Framework, Information visualization, Model, Survey, Visual data exploration, Visual data mining}
}

@article{FerreiradeOliveira2003,
    title = {{From visual data exploration to visual data mining: A survey}},
    year = {2003},
    journal = {IEEE Transactions on Visualization and Computer Graphics},
    author = {Ferreira de Oliveira, Maria Cristina and Levkowitz, Haim},
    number = {3},
    pages = {278--394},
    volume = {9},
    publisher = {IEEE},
    isbn = {1077-2626},
    doi = {10.1109/TVCG.2003.1207445},
    issn = {10772626},
    keywords = {Framework, Information visualization, Model, Survey, Visual data exploration, Visual data mining}
}

@article{Schulz2016,
    title = {{Generative Data Models for Validation and Evaluation of Visualization Techniques}},
    year = {2016},
    journal = {Proceedings of the Beyond Time and Errors on Novel Evaluation Methods for Visualization. ACM},
    author = {Schulz, Christoph and Nocaj, Arlind and El-Assady, Mennatallah and Frey, Steffen and Hlawatsch, Marcel and Hund, Michael and Karch, Grzegorz and Netzel, Rudolf and Sch{\"{a}}tzle, Christin and Butt, Miriam and Keim, Daniel A and Ertl, Thomas and Brandes, Ulrik and Weiskopf, Daniel},
    doi = {10.1145/2993901.2993907},
    keywords = {Evaluation, Keywords Generative data models, benchmarks, evaluation, testing, user study design, validation, visualization}
}

@article{Bertini2006,
    title = {{Give chance a chance: modeling density to enhance scatter plot quality through random data sampling}},
    year = {2006},
    journal = {Information Visualization},
    author = {Bertini, Enrico and Santucci, Giuseppe},
    number = {2},
    pages = {95--110},
    volume = {5},
    keywords = {numerosity 2, overplotting, quality metrics, sampling}
}

@misc{PwC2016,
    title = {{Global Data and Analytics Survey 2016: PwC}},
    url = {http://www.pwc.com/us/en/advisory-services/data-possibilities/big-decision-survey.html}
}

@article{Borgo2013,
    title = {{Glyph-based Visualization: Foundations, Design Guidelines, Techniques and Applications}},
    year = {2013},
    author = {Borgo, R and Kehrer, J and Chung, D H S and Maguire, E and Laramee, R S and Hauser, H and Ward, M and Chen, M},
    keywords = {Computer Graphics Forum, EUROGRAPHICS}
}

@article{Javed2010,
    title = {{Graphical Perception of Multiple Time Series}},
    year = {2010},
    author = {Javed, Waqas and Member, Student and Mcdonnel, Bryan and Member, Student and Elmqvist, Niklas},
    number = {6},
    pages = {927--934},
    volume = {16}
}

@article{Hinum2005,
    title = {{Gravi++: Interactive information visualization to explore highly structured temporal data}},
    year = {2005},
    journal = {Journal of Universal Computer Science},
    author = {Hinum, K and Miksch, Silvia and Aigner, Wolfgang and Ohmann, S and Popow, C and Pohl, M and Rester, M},
    number = {11},
    pages = {1792--1805},
    volume = {11},
    issn = {0958695X},
    keywords = {category, h, interactive information visualization, j, medical domain, temporal data}
}

@article{Elmqvist2010,
    title = {{Hierarchical aggregation for information visualization: Overview, techniques, and design guidelines}},
    year = {2010},
    journal = {IEEE Transactions on Visualization and Computer Graphics},
    author = {Elmqvist, Niklas and Fekete, Jean-Daniel},
    number = {3},
    pages = {439--454},
    volume = {16},
    publisher = {IEEE}
}

@incollection{Yang2003,
    title = {{Hierarchical Exploration of Large Multivariate Data Sets}},
    year = {2003},
    booktitle = {Data Visualization},
    author = {Yang, Jing and Ward, Matthew O. and Rundensteiner, Elke A.},
    pages = {201--212},
    publisher = {Springer US},
    url = {http://link.springer.com/10.1007/978-1-4615-1177-9{\_}14},
    address = {Boston, MA},
    doi = {10.1007/978-1-4615-1177-9{\_}14}
}

@article{Chung2014,
    title = {{High-dimensional Glyph-based Visualization and Interactive Techniques}},
    year = {2014},
    author = {Chung, David H S}
}

@incollection{Huber1994,
    title = {{Huge Data Sets}},
    year = {1994},
    booktitle = {Compstat},
    author = {Huber, Peter J},
    editor = {Dutter, Prof. Dr. Rudolf and Grossmann, Prof. Dr. Wilfried},
    chapter = {1},
    pages = {3--13},
    publisher = {Physica-Verlag HD},
    isbn = {978-3-642-52463-9},
    doi = {10.1007/978-3-642-52463-9{\_}1}
}

@article{Tory2004,
    title = {{Human factors in visualization research}},
    year = {2004},
    journal = {IEEE Transactions on Visualization and Computer Graphics},
    author = {Tory, Melanie and M{\"{o}}ller, Torsten},
    number = {1},
    pages = {72--84},
    volume = {10},
    isbn = {1077-2626},
    doi = {10.1109/TVCG.2004.1260759},
    issn = {10772626},
    pmid = {15382699},
    arxivId = {IEEE transactions on visualization and computer graphics, vol. 10, no. 1},
    keywords = {Cognitive support, Human factors, Methodology, Perception, Visualization}
}

@article{Liu2013,
    title = {{ImMens: Real-time visual querying of big data}},
    year = {2013},
    journal = {Computer Graphics Forum},
    author = {Liu, Zhicheng and Jiang, Biye and Heer, Jeffrey},
    number = {3 PART4},
    pages = {421--430},
    volume = {32},
    isbn = {0167-7055},
    doi = {10.1111/cgf.12129},
    issn = {01677055},
    pmid = {1406202617}
}

@misc{TheMendeleySupportTeam2011,
    title = {{Import citations into your digital library using the Mendeley Web Importer | Mendeley}},
    year = {2011},
    booktitle = {Mendeley Desktop},
    author = {{The Mendeley Support Team}},
    pages = {1--16},
    publisher = {Mendeley Ltd.},
    url = {http://www.mendeley.com/import/{\%}5Cnhttp://aoc.gov/paintings-0{\%}5Cnhttp://www.mendeley.com/import/},
    isbn = {019514385X},
    doi = {10.1016/j.cardfail.2009.03.006},
    issn = {15328414},
    pmid = {18244883},
    arxivId = {1003.3921v1},
    keywords = {Mendeley, academic research, academic software, academics, bibliography, digital library, how-to, library management, library software, reference software, research paper, research tool, researcher, user manual}
}

@inproceedings{phetchanchai2010index,
    title = {{Index financial time series based on zigzag-perceptually important points}},
    year = {2010},
    booktitle = {Journal of Computer Science},
    author = {Phetchanchai, Chawalsak and Selamat, Ali and Rehman, Amjad and Saba, Tanzila},
    organization = {Citeseer}
}

@book{harris2000information,
    title = {{Information graphics: A comprehensive illustrated reference}},
    year = {2000},
    author = {Harris, Robert L},
    publisher = {Oxford University Press}
}

@article{Chuah1998,
    title = {{Information rich glyphs for software management data}},
    year = {1998},
    journal = {IEEE Computer Graphics and Applications},
    author = {Chuah, Mei C and Eick, Stephen G},
    number = {4},
    pages = {24--29},
    volume = {18},
    publisher = {IEEE}
}

@article{chuah1998information,
    title = {{Information rich glyphs for software management data}},
    year = {1998},
    journal = {IEEE Computer Graphics and Applications},
    author = {Chuah, Mei C and Eick, Stephen G},
    number = {4},
    pages = {24--29},
    volume = {18},
    publisher = {IEEE}
}

@article{Keim2002,
    title = {{Information Visualization and Visual Data Mining}},
    year = {2002},
    journal = {IEEE TRANSACTIONS ON VISUALIZATION AND COMPUTER GRAPHICS},
    author = {Keim, Daniel A},
    number = {1},
    volume = {7},
    keywords = {Classification, Visual Data Exploration, Visual Data Min-ing, — Information Visualization}
}

@book{Ware2012a,
    title = {{Information Visualization Perception for Design}},
    year = {2012},
    author = {Ware, Colin},
    publisher = {Elsevier}
}

@misc{powerbiInteract,
    title = {{Interact with a report in Reading View in Power BI | Microsoft Power BI}},
    year = {2015},
    url = {https://powerbi.microsoft.com/en-us/documentation/powerbi-service-interact-with-a-report-in-reading-view/}
}

@article{Fisher2012,
    title = {{Interactions with Big Data Analytics}},
    year = {2012},
    journal = {interactions},
    author = {Fisher, Danyel and DeLine, Rob and Czerwinski, Mary and Drucker, Steven},
    number = {3},
    pages = {50--59},
    volume = {19},
    publisher = {ACM}
}

@article{Fekete2002,
    title = {{Interactive Information Visualization of a Million Items}},
    year = {2002},
    author = {Fekete, Jean-Daniel and Plaisant, Catherine},
    pages = {117--124},
    publisher = {IEEE Press IEEE Press},
    url = {https://hal.inria.fr/hal-00875363},
    doi = {10.1109/IN}
}

@inproceedings{Buono2005,
    title = {{Interactive Pattern Search in Time Series}},
    year = {2005},
    booktitle = {Electronic Imaging 2005},
    author = {Buono, Paolo and Aris, Aleks and Plaisant, Catherine and Khella, Amir and Shneiderman, Ben},
    pages = {175--186},
    keywords = {Time series, dynamic queries, information visualization, pattern search, visual interaction}
}

@article{Imrich2002,
    title = {{Interactive Poster : 3D ThemeRiver}},
    year = {2002},
    journal = {Changes},
    author = {Imrich, Peter and Mueller, Klaus and Imre, Dan and Zelenyuk, Alla and Zhu, Wei},
    number = {April},
    pages = {2--3},
    keywords = {pgpushpin, visualization}
}

@article{Tominski2005,
    title = {{Interactive Poster: 3D Axes-Based Visualizations for Time Series Data}},
    year = {2005},
    journal = {Poster IEEE InfoVis},
    author = {Tominski, Christian and Abello, James and Schumann, Heidrun},
    volume = {5}
}

@inproceedings{Carlis1998,
    title = {{Interactive Visualization of Serial Periodic Data}},
    year = {1998},
    booktitle = {Proceedings of the 11th annual ACM symposium on User interface software and technology},
    author = {Carlis, John V and Konstan, Joseph A},
    pages = {29--38},
    publisher = {ACM},
    keywords = {Data Visualization, Information Visualization, Interactive Data Exploration, Serial Periodic Data, Spiral}
}

@inproceedings{Shneiderman2002,
    title = {{Inventing discovery tools: combining information visualization with data mining}},
    year = {2001},
    booktitle = {International Conference on Discovery Science},
    author = {Shneiderman, Ben},
    pages = {17--28},
    publisher = {Springer},
    doi = {10.1057/palgrave/ivs/9500006},
    keywords = {Information visualization, creativity support tools, data mining, discovery, user interfaces}
}

@article{Chen1993,
    title = {{Joint Estimation of Model Parameters and Outlier Effects in Time Series}},
    year = {1993},
    journal = {Journal of the American Statistical Association},
    author = {Chen, Chung and Liu, Lon-Mu},
    number = {421},
    month = {3},
    pages = {284},
    volume = {88},
    url = {http://www.jstor.org/stable/2290724?origin=crossref},
    doi = {10.2307/2290724},
    issn = {01621459}
}

@article{Bale2007,
    title = {{Kaleidomaps: a new technique for the visualization of multivariate time-series data}},
    year = {2007},
    journal = {Information Visualization},
    author = {Bale, Kim and Chapman, Paul and Barraclough, Nick and Purdy, Jon and Aydin, Nizamettin and Dark, Paul},
    number = {2},
    pages = {155--167},
    volume = {6},
    publisher = {SAGE Publications Sage UK: London, England}
}

@inproceedings{Zhao2011,
    title = {{KronoMiner}},
    year = {2011},
    booktitle = {Proceedings of the 2011 annual conference on Human factors in computing systems - CHI '11},
    author = {Zhao, Jian and Chevalier, Fanny and Balakrishnan, Ravin},
    pages = {1737},
    url = {http://dl.acm.org/citation.cfm?doid=1978942.1979195},
    isbn = {9781450302289},
    doi = {10.1145/1978942.1979195}
}

@article{Zhao2011a,
    title = {{KronoMiner: Using Multi-Foci Navigation for the Visual Exploration of Time-Series Data}},
    year = {2011},
    author = {Zhao, Jian and Chevalier, Fanny and Balakrishnan, Ravin},
    keywords = {Balakrishnan, Chevalier, Interactive Visualization, KronoMiner, Multi-foci, Radial Visualization, Time-series data, Visual Exploration, Zhao}
}

@article{PiringerHarald2011,
    title = {{Large Data Scalability}},
    year = {2011},
    author = {{Piringer Harald}}
}

@article{Deering1998,
    title = {{Limits of human vision.}},
    year = {1998},
    journal = {2nd International Immersive Projection Technology Workshop},
    author = {Deering, M F},
    pages = {471--3},
    volume = {191},
    issn = {0028-0836},
    pmid = {13783520},
    keywords = {Retina, Retina: physiology, Vision Tests}
}

@inproceedings{Amar2005a,
    title = {{Low-level components of analytic activity in information visualization}},
    year = {2005},
    booktitle = {Proceedings - IEEE Symposium on Information Visualization, INFO VIS},
    author = {Amar, Robert and Eagan, James and Stasko, John},
    isbn = {078039464X},
    doi = {10.1109/INFVIS.2005.1532136},
    issn = {1522404X},
    keywords = {Analytic activity, Design, Evaluation, Knowledge discovery, Taxonomy}
}

@article{Jugel2014,
    title = {{M4: a visualization-oriented time series data aggregation}},
    year = {2014},
    journal = {Proceedings of the VLDB Endowment},
    author = {Jugel, Uwe and Jerzak, Zbigniew and Hackenbroich, Gregor and Markl, Volker},
    number = {10},
    pages = {797--808},
    volume = {7},
    publisher = {VLDB Endowment}
}

@misc{Parenteau2016,
    title = {{Magic Quadrant for Business Intelligence and Analytics Platforms}},
    year = {2016},
    author = {Parenteau, Josh and Sallam, Rita L. and Howson, Cindi and Tapadinhas, Joao and Schlegel, Kurt and Oestreich, Thomas W.},
    url = {https://www.gartner.com/doc/reprints?ct=160204{\&}id=1-2XXET8P},
    doi = {G00275847}
}

@misc{Sallam2017,
    title = {{Magic Quadrant for Business Intelligence and Analytics Platforms}},
    year = {2017},
    author = {Sallam, Rita L. and Howson, Cindi and Idoine, Carlie J. and Tapadinhas, Joao and Oestreich, Thomas W. and Richardson, James Laurence},
    url = {https://www.gartner.com/doc/reprints?id=1-3RTAT4N{\&}ct=170124{\&}st=sb{\&}mkt{\_}tok=eyJpIjoiTjJRelpHTTRaamczTUdFMiIsInQiOiJ3VTNuNVdTam1TMlpxUnZZQzZhUWROaUk1VUtuR1NleTVVVVVQc1RFY1YzdXFDUUZQNER0MVpXaEtUUktXSzhJQkJSQXdRZkdTU05UMWh4MDNUXC9EK3FMMG9tT3JlV09UQ0VWMVc3S3lUV}
}

@article{Brachman1996,
    title = {{Mining business databases}},
    year = {1996},
    journal = {Communications of the ACM},
    author = {Brachman, Ronald J. and Khabaza, Tom and Kloesgen, Willi and Piatetsky-Shapiro, Gregory and Simoudis, Evangelos},
    number = {11},
    pages = {42--48},
    volume = {39},
    isbn = {0001-0782},
    doi = {10.1145/240455.240468},
    issn = {00010782}
}

@article{Leonard2005,
    title = {{Mining Transactional and Time Series Data}},
    year = {2005},
    journal = {abstract, presentation and paper, SUGI},
    author = {Leonard, Michael},
    pages = {10--13},
    publisher = {Citeseer}
}

@article{Research2016,
    title = {{Mobile Analytics and Business Intelligence 2016}},
    year = {2016},
    author = {Research, Ventana}
}

@inproceedings{eick1993navigating,
    title = {{Navigating large networks with hierarchies}},
    year = {1993},
    booktitle = {Visualization, 1993. Visualization'93, Proceedings., IEEE Conference on},
    author = {Eick, Stephen G and Wills, Graham J},
    pages = {204--210},
    organization = {IEEE}
}

@article{Beard1989,
    title = {{Navigational Techniques to Improve the Display of Large Two-Dimensional Spaces}},
    year = {1989},
    journal = {Behaviour {\&} Information Technology},
    author = {Beard, David V and Walker Ii, John Q},
    number = {6},
    pages = {451--466},
    volume = {9}
}

@article{beard1990navigational,
    title = {{Navigational techniques to improve the display of large two-dimensional spaces}},
    year = {1990},
    journal = {Behaviour {\&} Information Technology},
    author = {Beard, David V and II, JOHN Q WALKER},
    number = {6},
    pages = {451--466},
    volume = {9},
    publisher = {Taylor {\&} Francis}
}

@article{beard1990navigationalb,
    title = {{Navigational techniques to improve the display of large two-dimensional spaces}},
    year = {1990},
    journal = {Behaviour {\&} Information Technology},
    author = {Beard, David V and II, JOHN Q WALKER},
    number = {6},
    pages = {451--466},
    volume = {9},
    publisher = {Taylor {\&} Francis}
}

@article{Patil,
    title = {{Overview of Big Data Visualization}},
    journal = {International Journal of Advanced Networking {\&} Applications (IJANA)},
    author = {Patil, Sagargouda S},
    issn = {0975-0282},
    keywords = {big data visualization, data visualization, interactive visualization, visualization tools, — big data}
}

@inproceedings{Xiong1999,
    title = {{PeopleGarden: creating data portraits for users}},
    year = {1999},
    booktitle = {Proceedings of the 12th annual ACM symposium on User interface software and technology},
    author = {Xiong, Rebecca and Donath, Judith},
    pages = {37--44},
    organization = {ACM}
}

@article{Kriglstein2014,
    title = {{Pep up Your Time Machine – Recommendations for the Design of Information Visualizations of Time - Dependent Data}},
    year = {2014},
    journal = {Handbook of human centric visualization},
    author = {Kriglstein, Simone and Pohl, Margit and Smuc, Michael},
    pages = {203--225},
    doi = {10.1007/978-1-4614-7485-2{\_}8}
}

@book{Batyrshin2007,
    title = {{Perception-based data mining and decision making in economics and finance}},
    year = {2007},
    author = {Batyrshin, Ildar and Sheremetov, Leonid and Zadeh, Lofti A},
    volume = {36},
    publisher = {Springer}
}

@article{Keim1995b,
    title = {{Perceptual Issues in Visualization}},
    year = {1995},
    author = {Keim, Daniel A and Keim, Daniel A and Bergeron, R Daniel and Pickett, Ronald M},
    number = {August},
    url = {http://link.springer.com/10.1007/978-3-642-79057-7},
    isbn = {978-3-642-79059-1},
    doi = {10.1007/978-3-642-79057-7}
}

@misc{Bostock2017,
    title = {{Perpective Transformation}},
    year = {2017},
    author = {Bostock, Mike},
    url = {https://bl.ocks.org/mbostock/10571478}
}

@article{Stein2013,
    title = {{Pixel-Oriented Network Visualization: Static Visualization of Change in Social Networks}},
    year = {2013},
    author = {Stein, Klaus and Wegener, René and Schlieder, Christoph},
    pages = {101--127},
    volume = {6},
    url = {http://dx.doi.org/10.1007/978-3-7091-1346-2{\_}5},
    isbn = {978-3-7091-1345-5},
    doi = {10.1007/978-3-7091-1346-2{\_}{\_}5},
    keywords = {network visualization, pixel-oriented visualization, wiki}
}

@article{Keim1996pixel,
    title = {{Pixel-oriented visualization techniques for exploring very large data bases}},
    year = {1996},
    journal = {Journal of Computational and Graphical Statistics},
    author = {Keim, Daniel A},
    number = {1},
    pages = {58--77},
    volume = {5},
    publisher = {Taylor {\&} Francis}
}

@inproceedings{Li2016,
    title = {{Polyspector™: An Interactive Visualization Platform Optimized for Visual Analysis of Big Data}},
    year = {2016},
    booktitle = {Proceedings of the 29th Annual Symposium on User Interface Software and Technology},
    author = {Li, Xinxiao and Kuroda, Akira and Matsuzaki, Hidenori},
    pages = {109--111},
    organization = {ACM}
}

@misc{Amanda2016,
    title = {{Power BI Desktop November Feature Summary}},
    year = {2016},
    author = {Amanda, Cofsky},
    url = {https://powerbi.microsoft.com/de-de/blog/power-bi-desktop-november-feature-summary/{\#}clustering}
}

@misc{BI2017,
    title = {{Power BI Documentation}},
    year = {2017},
    author = {BI, Microsoft Power},
    url = {https://powerbi.microsoft.com/en-us/documentation/powerbi-service-get-started/}
}

@misc{qlikHistory,
    title = {{Qlik History: Inspiration. Imagination. Innovation.}},
    url = {http://www.qlik.com/us/company/history}
}

@misc{qlikWorkbench,
    title = {{Qlik Sense Workbench ‒ Qlik Sense}},
    url = {https://help.qlik.com/en-US/sense-developer/2.0/Subsystems/Workbench/Content/Overview/workbench-at-a-glance.htm}
}

@misc{Qlik2017,
    title = {{Qlik | Help}},
    booktitle = {1993-2017},
    author = {{QlikTech International}},
    url = {https://help.qlik.com/}
}

@article{Bertini2011,
    title = {{Quality metrics in high-dimensional data visualization: An overview and systemization}},
    year = {2011},
    journal = {IEEE Transactions on Visualization and Computer Graphics},
    author = {Bertini, Enrico and Tatu, Andrada and Keim, Daniel A},
    number = {6},
    pages = {2203--2212},
    volume = {17}
}

@misc{plotly,
    title = {{R Graphing Library | Plotly}},
    year = {2013},
    url = {https://plot.ly/r/}
}

@misc{R,
    title = {{R: What is R?}},
    year = {2017},
    author = {{The R Foundation}},
    url = {https://www.r-project.org/about.html}
}

@book{card1999readings,
    title = {{Readings in information visualization: using vision to think}},
    year = {1999},
    author = {Card, Stuart K and Mackinlay, Jock D and Shneiderman, Ben},
    publisher = {Morgan Kaufmann}
}

@article{Keim1995,
    title = {{Recursive pattern: A technique for visualizing very large amounts of data}},
    year = {1995},
    journal = {Proceedings of the 6th Conference on Visualization'95. IEEE Computer Society},
    author = {Keim, Daniel A and {Mihael Ankerst} and {Hans-Peter Kriegel}}
}

@article{Childs2013,
    title = {{Research challenges for visualization software}},
    year = {2013},
    journal = {Computer},
    author = {Childs, Hank},
    number = {May},
    url = {http://ieeexplore.ieee.org/xpls/abs{\_}all.jsp?arnumber=6515547},
    doi = {10.1109/MC.2013.179},
    issn = {0018-9162}
}

@article{Keim2005,
    title = {{Scalable Visual Data Exploration of Large Data Sets via MultiResolution}},
    year = {2005},
    author = {Keim, Daniel A},
    number = {11},
    pages = {1766--1779},
    volume = {11},
    keywords = {multiresolution, visual data exploration, visualization technique}
}

@misc{qlikScatter,
    title = {{Scatter plot ‒ Qlik Sense}},
    url = {https://help.qlik.com/en-US/sense/3.1/Subsystems/Hub/Content/Visualizations/ScatterPlot/scatter-plot.htm}
}

@book{newscenario,
    title = {{Scenario-Based Design: Envisioning Work and Technology in System Development}},
    year = {1995},
    author = {Caroll, John M.},
    pages = {408},
    publisher = {Wiley},
    isbn = {0471076597}
}

@article{Curran2005,
    title = {{Self-service technology adoption: comparing three technologies}},
    year = {2005},
    journal = {Journal of Services Marketing},
    author = {Curran, James M and Meuter, Matthew L},
    number = {2},
    pages = {103--113},
    volume = {19},
    publisher = {Emerald Group Publishing Limited}
}

@misc{qlikSheet,
    title = {{Sheet view ‒ Qlik Sense}},
    url = {https://help.qlik.com/en-US/sense/2.1/Subsystems/Hub/Content/Sheets/sheet-view.htm}
}

@misc{tableauShowme,
    title = {{Show Me}},
    author = {{Tableau}},
    url = {https://onlinehelp.tableau.com/current/pro/desktop/en-us/buildauto{\_}showme.html}
}

@misc{Stroe1999,
    title = {{Spatial Distortion Techniques}},
    year = {1999},
    author = {Stroe, Ionel Daniel},
    url = {http://davis.wpi.edu/{\~{}}matt/courses/distortion/}
}

@article{Byron2008,
    title = {{Stacked graphs - Geometry {\&} aesthetics}},
    year = {2008},
    journal = {IEEE Transactions on Visualization and Computer Graphics},
    author = {Byron, Lee and Wattenberg, Martin},
    number = {6},
    pages = {1245--1252},
    volume = {14},
    isbn = {1077-2626 VO - 14},
    doi = {10.1109/TVCG.2008.166},
    issn = {10772626},
    pmid = {18988970},
    keywords = {Aesthetics, Communication-minded visualization, Last.fm, Listening history, Streamgraph, ThemeRiver, Time series}
}

@article{byron2008stacked,
    title = {{Stacked graphs--geometry {\&} aesthetics}},
    year = {2008},
    journal = {IEEE transactions on visualization and computer graphics},
    author = {Byron, Lee and Wattenberg, Martin},
    number = {6},
    volume = {14},
    publisher = {IEEE}
}

@inproceedings{Callaghan2002,
    title = {{Streaming-data algorithms for high-quality clustering}},
    year = {2002},
    booktitle = {Data Engineering, 2002. Proceedings. 18th International Conference on},
    author = {O'Callaghan, Liadan and Mishra, Nina and Meyerson, Adam and Guha, Sudipto and Motwani, Rajeev},
    pages = {685--694},
    organization = {IEEE}
}

@article{Viegas2004,
    title = {{Studying cooperation and conflict between authors with history flow visualizations}},
    year = {2004},
    journal = {Proceedings of the 2004 conference on Human factors in computing systems - CHI '04},
    author = {Vi{\'{e}}gas, Fernanda B. and Wattenberg, Martin and Dave, Kushal},
    number = {1},
    pages = {575--582},
    volume = {6},
    url = {http://alumni.media.mit.edu/{\~{}}fviegas/papers/history{\_}flow.pdf{\%}5Cnhttp://portal.acm.org/citation.cfm?doid=985692.985765},
    isbn = {1581137028},
    doi = {10.1145/985692.985765},
    issn = {1581137028},
    pmid = {363},
    keywords = {allowing users to change, categories, content of the page, edit this page, higher level of, link at the bottom, subject descriptors, the, this interface supports a}
}

@inproceedings{Viegas2004b,
    title = {{Studying cooperation and conflict between authors with history flow visualizations}},
    year = {2004},
    booktitle = {Proceedings of the SIGCHI conference on Human factors in computing systems},
    author = {Vi{\'{e}}gas, Fernanda B and Wattenberg, Martin and Dave, Kushal},
    pages = {575--582},
    organization = {ACM}
}

@article{Horn2001,
    title = {{Support for fast comprehension of ICU data: Visualization using metaphor graphics}},
    year = {2001},
    journal = {Methods Archive},
    author = {Horn, Werner and Popow, Christian and Unterasinger, Lukas and {others}},
    number = {5},
    pages = {421--424},
    volume = {40},
    publisher = {Schattauer Publishers}
}

@inproceedings{cawthon2007effect,
    title = {{The effect of aesthetic on the usability of data visualization}},
    year = {2007},
    booktitle = {Information Visualization, 2007. IV'07. 11th International Conference},
    author = {Cawthon, Nick and Moere, Andrew Vande},
    pages = {637--648},
    organization = {IEEE}
}

@article{Shneiderman1996,
    title = {{The Eyes Have It: A Task by Data Type Taxonomy for Information Visualizations}},
    year = {1996},
    author = {Shneiderman, Ben},
    url = {http://www/cs.umd.edu/projects/hcil/}
}

@book{Hamilton2015,
    title = {{The Field Guide to Data Science}},
    year = {2015},
    author = {Allen Hamilton, Booz},
    pages = {126},
    publisher = {Booz Allen Hamilton Inc.},
    keywords = {The Field Guide to Data Science}
}

@article{Evelson2012,
    title = {{The Forrester Wave™: Advanced Data Visualization (ADV) Platforms, Q3 2012}},
    year = {2012},
    author = {Evelson, Boris and Yuhanna, Noel},
    url = {www.forrester.com}
}

@article{Jerding1998,
    title = {{The Information Mural: A Technique for Displaying and Navigating Large Information Spaces}},
    year = {1998},
    journal = {IEEE Transactions on Visualization and Computer Graphics},
    author = {Jerding, Dean F and Stasko, John T},
    number = {3},
    pages = {257--271},
    volume = {4}
}

@inproceedings{Mackinlay1991,
    title = {{The perspective wall: Detail and context smoothly integrated}},
    year = {1991},
    booktitle = {Proceedings of the SIGCHI conference on Human factors in computing systems},
    author = {Mackinlay, Jock D and Robertson, George G and Card, Stuart K},
    pages = {173--176},
    organization = {ACM}
}

@inproceedings{mackinlay1991perspective,
    title = {{The perspective wall: Detail and context smoothly integrated}},
    year = {1991},
    booktitle = {Proceedings of the SIGCHI conference on Human factors in computing systems},
    author = {Mackinlay, Jock D and Robertson, George G and Card, Stuart K},
    pages = {173--176},
    organization = {ACM}
}

@article{DeCerteau1988,
    title = {{The Practice of Everyday Life}},
    year = {1988},
    journal = {Contemporary Sociology},
    author = {de Certeau, Michel},
    number = {1},
    pages = {122},
    volume = {17}
}

@article{Bacic2012,
    title = {{The Role of Business Information Visualization in Knowledge Creation}},
    year = {2012},
    journal = {Association for Information Systems AIS Electronic Library (AISeL) The Role of Business Information Visualization in Knowledge Creation },
    author = {Bacic, Dinko and Henry, Raymond and Ba{\v{c}}i{\'{c}}, Dinko and Henry, Raymond M},
    number = {1},
    url = {http://aisel.aisnet.org/amcis2012},
    keywords = {Business Information Visualization, Business Intelligence, Information Complexity, Information Uncertainty, Insight, Knowledge Creation, Knowledge Management}
}

@article{Boulos2003,
    title = {{The use of interactive graphical maps for browsing medical/health Internet information resources}},
    year = {2003},
    journal = {International Journal of Health Geographics},
    author = {Boulos, Maged N Kamel},
    number = {1},
    pages = {1},
    volume = {2},
    publisher = {BioMed Central}
}

@article{tufte1985visual,
    title = {{The visual display of quantitative information.}},
    year = {1985},
    journal = {Journal for Healthcare Quality},
    author = {Tufte, Edward R},
    number = {3},
    pages = {15},
    volume = {7},
    publisher = {LWW}
}

@book{Ryan2016,
    title = {{The Visual Imperative : Creating a Visual Culture of Data Discovery}},
    year = {2016},
    author = {Ryan, Lindy},
    edition = {1},
    pages = {320},
    publisher = {Morgan Kaufmann},
    isbn = {978-0-12-803844-4}
}

@book{Simon2014,
    title = {{The Visual Organization: Data Visualization, Big Data, and the Quest for Better Decisions}},
    year = {2014},
    author = {Simon, Phil},
    edition = {1st},
    publisher = {Wiley Publishing},
    isbn = {1118794389, 9781118794388}
}

@article{Havre2000,
    title = {{ThemeRiver: visualizing theme changes over time}},
    year = {2000},
    journal = {Information Visualization, 2000. InfoVis 2000. IEEE Symposium on},
    author = {Havre, S and Hetzler, B and Nowell, L},
    pages = {115--123},
    isbn = {0-7695-0804-9},
    doi = {10.1109/INFVIS.2000.885098},
    issn = {1522-404X},
    keywords = {Bars, Data visualization, Histograms, Prototypes, Rivers, Testing, ThemeRiver, USA Councils, Usability, data visualisation, document collection, document handling, prototype system, temporally associated documents, textual presentation, thematic variations, theme change visualization, timeline}
}

@article{Bach2016,
    title = {{Time Curves: Folding Time to Visualize Patterns of Temporal Evolution in Data}},
    year = {2016},
    journal = {IEEE transactions on visualization and computer graphics},
    author = {Bach, Benjamin and Shi, Conglei and Heulot, Nicolas and Madhyastha, Tara and Grabowski, Tom and Dragicevic, Pierre},
    number = {1},
    pages = {559--568},
    volume = {22}
}

@misc{qlikTime,
    title = {{Time-aware charts ‒ Qlik Sense}},
    url = {https://help.qlik.com/en-US/sense/3.1/Subsystems/Hub/Content/Visualizations/time-aware-charts.htm}
}

@article{Esling2012,
    title = {{Time-Series Data Mining}},
    year = {2012},
    journal = {ACM Comput. Surv. Article},
    author = {Esling, Philippe and Agon, Carlos},
    number = {34},
    volume = {45},
    doi = {10.1145/2379776.2379788},
    keywords = {Algorithms, Categories and Subject Descriptors, Content Analysis and Indexing, Database Applications, Distance measures, G3 [Probability and Statistics], H28 [Database Management], H31 [Information storage and retrieval], H33 [Information storage and retrieval], Information Search and Retrieval General Terms, Performance Additional Key Words and Phrases, Time-Series Analysis, data indexing, data mining, query by content, sequence matching, similarity measures, stream analysis, temporal analysis, time series}
}

@article{Moere2004,
    title = {{Time-Varying Data Visualization using Information Flocking Boids}},
    year = {2004},
    journal = {Information Visualization, INFOVIS , IEEE Symposium on. IEEE},
    author = {Moere, Andrew Vande},
    pages = {97--104},
    keywords = {3D information visualization, CR Categories, H5 [Information Systems], Information Interfaces And Presentation (I7), artificial life, boids, motion, time-varying information visualization}
}

@inproceedings{Burch2008,
    title = {{Timeline Trees: Visualizing Sequences of Transactions in Information Hierarchies}},
    year = {2008},
    booktitle = {Proceedings of the working conference on Advanced visual interfaces},
    author = {Burch, Michael and Beck, Fabian and Diehl, Stephan},
    pages = {75--82},
    publisher = {ACM},
    doi = {10.1145/1385569.1385584},
    keywords = {Mis-cellaneous General Terms Algorithms, design, hierarchy, human factors Keywords Visualization, time}
}

@article{Walker2016,
    title = {{TimeNotes : A Study on Effective Chart Visualization and Interaction Techniques for Time - Series Data}},
    year = {2016},
    journal = {IEEE transactions on visualization and computer graphics},
    author = {Walker, James and Borgo, Rita and Jones, Mark W},
    pages = {549--558},
    volume = {22.1},
    doi = {10.1109/TVCG.2015.2467751},
    keywords = {Focus+Context, Index Terms—Time - series Exploration, Interaction Techniques, Lens}
}

@article{Manso2015,
    title = {{Title Time Series Clustering Utilities}},
    year = {2015},
    author = {Manso, Pablo Montero and Antonio, José and Maintainer, Vilar and Montero, Pablo},
    url = {http://www.jstatsoft.org/v62/i01/}
}

@article{Shneiderman1992,
    title = {{Tree visualization with tree-maps: 2-d space-filling approach}},
    year = {1992},
    journal = {ACM Transactions on graphics (TOG) 11.1},
    author = {Shneiderman, Ben},
    pages = {92--99}
}

@article{Diehl2010,
    title = {{Uncovering Strengths and Weaknesses of Radial Visualizations—an Empirical Approach}},
    year = {2010},
    journal = {IEEE Transactions on Visualization and Computer Graphics},
    author = {Diehl, Stephan and Beck, Fabian and Burch, Michael},
    number = {6},
    pages = {935--942},
    volume = {16},
    keywords = {Index Terms—Radial visualization, user study, visual memory}
}

@article{Schnell2014,
    title = {{Understanding Data Visualization}},
    year = {2014},
    author = {Schnell, Krista and Shetterley, Nathan},
    url = {www.accenture.com/accenturetechlabs.}
}

@misc{Morrison2014,
    title = {{Using D3 Quadtrees to Power An Interactive Map for Bonnier Corporation}},
    year = {2014},
    author = {Morrison, Brandon},
    url = {https://www.phase2technology.com/blog/using-d3-quadtrees-to-power-an-interactive-map-for-bonnier-corporation/}
}

@misc{qlikSmart,
    title = {{Using smart search ‒ Qlik Sense}},
    url = {https://help.qlik.com/en-US/sense/3.0/Subsystems/Hub/Content/Search/use-smart-search-tool.htm}
}

@article{Keahey2013,
    title = {{Using visualization to understand big data}},
    year = {2013},
    journal = {IBM Business Analytics Advanced Visualisation},
    author = {Keahey, T Alan}
}

@article{MikschSPopowCPakyF.1996,
    title = {{Utilising temporal data abstraction for data validation and therapy planning{\textbackslash}nfor artificially ventilated newborn infants.}},
    year = {1996},
    journal = {Artificial Intelligence in Medicine},
    author = {Miksch S  Popow C, Paky F., Horn W},
    number = {6},
    pages = {543–576.},
    volume = {8}
}

@article{Zhang2012,
    title = {{Visual Analytics for the Big Data Era – A Comparative Review of State-of-the-Art Commercial Systems}},
    year = {2012},
    journal = {Visual Analytics Science and Technology (VAST)},
    author = {Zhang, Leishi and Stoffel, Andreas and Behrisch, Michael and Mittels, Sebastian and Schreck, Tobias and Ag, Siemens and Weber, Stefan and Keim, Daniel A},
    pages = {173--182},
    keywords = {H4 [Information Systems], INFORMATION SYS-TEMS APPLICATIONS, Index Terms, K1 [Computing Milieux], THE COM-PUTER INDUSTRY—Markets}
}

@article{Keim2008,
    title = {{Visual Analytics: Definition, Process and Challenges}},
    year = {2008},
    journal = {LNCS},
    author = {Keim, Daniel A and Andrienko, Gennady and Fekete, Jean-Daniel and G{\"{o}}rg, Carsten and Kohlhammer, Jörn and Melan{\c{c}}on, Guy and Kerren, Andreas and Stasko, John T},
    pages = {154--175},
    publisher = {Springer},
    url = {https://hal-lirmm.ccsd.cnrs.fr/lirmm-00272779}
}

@article{Keima,
    title = {{Visual Analytics: How Much Visualization and How Much Analytics?}},
    year = {2010},
    journal = {ACM SIGKDD Explorations Newsletter},
    author = {Keim, Daniel A and Mansmann, Florian and Thomas, Jim},
    pages = {5--8},
    volume = {11.2}
}

@article{Keim2008a,
    title = {{Visual Analytics: Scope and Challenges}},
    year = {2008},
    author = {Keim, Daniel A and Mansmann, Florian and Schneidewind, Jörn and Thomas, Jim and Ziegler, Hartmut},
    url = {http://infovis.uni-konstanz.de}
}

@inproceedings{Ankerst2001,
    title = {{Visual Data Mining with Pixel-oriented Visualization Techniques}},
    year = {2001},
    booktitle = {Proceedings of the ACM SIGKDD Workshop on Visual Data Mining},
    author = {Ankerst, Mihael}
}

@inproceedings{Ankerst2001b,
    title = {{Visual data mining with pixel-oriented visualization techniques}},
    year = {2001},
    booktitle = {Proceedings of the ACM SIGKDD Workshop on Visual Data Mining},
    author = {Ankerst, Mihael}
}

@article{Keim2001,
    title = {{Visual exploration of large data sets}},
    year = {2001},
    journal = {Communications of the ACM},
    author = {Keim, Daniel A},
    number = {8},
    pages = {38--44},
    volume = {44},
    isbn = {0001-0782},
    doi = {10.1145/381641.381656},
    issn = {00010782}
}

@inproceedings{ahlberg1994visual,
    title = {{Visual information seeking: Tight coupling of dynamic query filters with starfield displays}},
    year = {1994},
    booktitle = {Proceedings of the SIGCHI conference on Human factors in computing systems},
    author = {Ahlberg, Christopher and Shneiderman, Ben},
    pages = {313--317},
    organization = {ACM}
}

@inproceedings{ziegler2010visual,
    title = {{Visual market sector analysis for financial time series data}},
    year = {2010},
    booktitle = {Visual Analytics Science and Technology (VAST), 2010 IEEE Symposium on},
    author = {Ziegler, Hartmut and Jenny, Marco and Gruse, Tino and Keim, Daniel A},
    pages = {83--90},
    organization = {IEEE}
}

@article{Aigner2008,
    title = {{Visual methods for analyzing time-oriented data}},
    year = {2008},
    journal = {IEEE Transactions on Visualization and Computer Graphics},
    author = {Aigner, Wolfgang and Miksch, Silvia and M{\"{u}}ller, Wolfgang and Schumann, Heidrun and Tominski, Christian},
    isbn = {1077-2626},
    doi = {10.1109/TVCG.2007.70415},
    issn = {10772626},
    pmid = {17993701},
    keywords = {Analysis, Time-oriented data, User, Visualization}
}

@article{Eick2002,
    title = {{Visual Scalability}},
    year = {2002},
    journal = {Journal of Computational and Graphical Statistics},
    author = {Eick, Stephen G and Karr, Alan F},
    number = {1},
    pages = {22--43},
    volume = {11},
    doi = {10.1198/106186002317375604},
    issn = {1061-8600},
    keywords = {human perception, massive datasets, perspectives, visual design patterns}
}

@article{Crapo2000,
    title = {{Visualization and The Process of Modeling: A Cognitive-theoretic View}},
    year = {2000},
    journal = {ACM SIGKDD International Conference on Knowledge Discovery {\&} Data Mining},
    author = {Crapo, Andrew W and Waisel, Laurie B and Wallace, William A and Willemain, Thomas R},
    pages = {218--226},
    doi = {10.1145/347090.347129},
    keywords = {Category and Subject H12 [Information Systems], H53 [Information Systems], I61 [Computing Methodologies], I65 [Computing Methodologies], Model Development--Modeling methodologies, User/Machine Systems—Human information processing, expert modeler, human factors, languages, performance Keywords Cognition, representation, visualization}
}

@inproceedings{Mueller2003,
    title = {{Visualization methods of time-dependent data - an overview}},
    year = {2003},
    booktitle = {Proceedings of the 2003 Winter Simulation Conference},
    author = {M{\"{u}}ller, Wolfgang and Schumann, Heidrun}
}

@article{Noirhomme-Fraiture2002,
    title = {{Visualization of Large Data Sets: The Zoom Star Solution}},
    year = {2002},
    journal = {The Electronic Journal of SYMBOLIC DATA ANALYSIS –},
    author = {Noirhomme-Fraiture, M},
    number = {0},
    volume = {0},
    keywords = {Data Analysis, Data Mining, Data Visualization, Radial Graphs, Sound}
}

@book{Aigner2011,
    title = {{Visualization of time-oriented data}},
    year = {2011},
    author = {Aigner, Wolfgang and Miksch, Silvia and Schumann, Heidrun and Tominski, Christian},
    edition = {1},
    publisher = {Springer Science {\&} Business Media},
    address = {London},
    isbn = {978-0-85729-078-6},
    doi = {10.1007/978-0-85729-079-3}
}

@article{Keim1996,
    title = {{Visualization Techniques for Mining Large Databases: A Comparison}},
    year = {1996},
    journal = {IEEE Transactions on Knowledge and Data Engineering},
    author = {Keim, Daniel A and Kriegel, H},
    number = {6},
    pages = {923--936},
    volume = {8},
    url = {http://ieeexplore.ieee.org/xpls/abs{\_}all.jsp?arnumber=553159},
    doi = {10.1109/69.553159},
    issn = {1041-4347},
    keywords = {and multivariate data, data mining, explorative data analysis, visualizing large databases, visualizing multidimensional}
}

@article{Tennekes2013,
    title = {{Visualizing and inspecting large datasets with tableplots}},
    year = {2013},
    journal = {Journal of Data Science},
    author = {Tennekes, Martijn and de Jonge, Edwin and Daas, Piet J H and {others}},
    number = {1},
    pages = {43--58},
    volume = {11},
    publisher = {中華資料採礦協會}
}

@article{Becker1995,
    title = {{Visualizing Network Data}},
    year = {1995},
    journal = {IEEE Transactions on Visualizationand Computer Graphics},
    author = {Becker, Richard A and Eick, Stephen G and Wilks, Allan R},
    number = {1},
    pages = {16--21},
    volume = {1},
    keywords = {data analysis, direct manipulation, interactive graphics, network data analysis, network visualization, parameter focusing}
}

@inproceedings{Gall1999,
    title = {{Visualizing Software Release Histories: The Use of Color and Third Dimension}},
    year = {1999},
    booktitle = {Software Maintenance, 1999.(ICSM'99) Proceedings. IEEE International Conference on},
    author = {Gall, Harald and Jazayeri, Mehdi and Riva, Claudio},
    pages = {99--108},
    keywords = {color, information visualization, software evolution, software maintenance, software release history, system architecture, third dimension}
}

@inproceedings{muniandy2001visualizing,
    title = {{Visualizing time related events for intrusion detection}},
    year = {2001},
    booktitle = {Late Breaking Hot Topics Proceedings, InfoVis 2001 Symposium on Information Visualization},
    author = {Muniandy, Kovalan}
}

@article{Aigner2007,
    title = {{Visualizing time-oriented data-A systematic view}},
    year = {2007},
    journal = {Computers and Graphics (Pergamon)},
    author = {Aigner, Wolfgang and Miksch, Silvia and M{\"{u}}ller, Wolfgang and Schumann, Heidrun and Tominski, Christian},
    number = {3},
    month = {6},
    pages = {401--409},
    volume = {31},
    keywords = {Time-oriented data, Visual Analytics, Visualization}
}

@article{Weber2001,
    title = {{Visualizing time-series on spirals}},
    year = {2001},
    journal = {Infovis},
    author = {Weber, Marc and Alexa, Marc and M{\"{u}}ller, Wolfgang},
    pages = {7},
    url = {http://cs.lnu.se/isovis/courses/spring07/dac751/papers/TimeSpiralsInfoVis2001.pdf},
    isbn = {0-7695-7342-5},
    doi = {10.1109/INFVIS.2001.963273},
    issn = {1522-404X},
    keywords = {data mining, graph drawing, information visualization, sualization of time-series data, vi-}
}

@article{Rind2011,
    title = {{Visually exploring multivariate trends in patient cohorts using animated scatter plots}},
    year = {2011},
    journal = {Lecture Notes in Computer Science (including subseries Lecture Notes in Artificial Intelligence and Lecture Notes in Bioinformatics)},
    author = {Rind, Alexander and Aigner, Wolfgang and Miksch, Silvia and Wiltner, Sylvia and Pohl, Margit and Drexler, Felix and Neubauer, Barbara and Suchy, Nikolaus},
    pages = {139--148},
    volume = {6779 LNCS},
    isbn = {9783642217159},
    doi = {10.1007/978-3-642-21716-6{\_}15},
    issn = {03029743},
    keywords = {Information Visualization, animation, medical data, time}
}

@article{Wongsuphasawat,
    title = {{Voyager: Exploratory Analysis via Faceted Browsing of Visualization Recommendations}},
    author = {Wongsuphasawat, Kanit and Moritz, Dominik and Anand, Anushka and Mackinlay, Jock and Howe, Bill and Heer, Jeffrey},
    keywords = {Index Terms—User interfaces, exploratory analysis, information visualization, mixed-initiative systems, visualization recommendation}
}

@article{VanBuuren2001,
    title = {{Worm plot: a simple diagnostic device for modelling growth reference curves}},
    year = {2001},
    journal = {STATISTICS IN MEDICINE Statist. Med},
    author = {Van Buuren, Stef and Fredriks, Miranda},
    pages = {1259--1277},
    volume = {20},
    doi = {10.1002/sim.746}
}

@article{matthews1997worm,
    title = {{Worm plots}},
    year = {1997},
    journal = {IEEE Computer Graphics and Applications},
    author = {Matthews, Geoffrey and Roze, Mike},
    number = {6},
    pages = {17--20},
    volume = {17},
    publisher = {IEEE}
}

@misc{zra,
    title = {{ZRA: Dynamic Plots for Time Series Forecasting}},
    year = {2015},
    author = {Beiner, David},
    url = {https://cran.r-project.org/web/packages/ZRA/index.html}
}

@article{02_visualisierung11Visualisierung_von_Multiparameterdaten_V1,
    title = {{02{\_}visualisierung11Visualisierung{\_}von{\_}Multiparameterdaten{\_}V1}}
}

@article{2_yang_dagstuhl00,
    title = {{2{\_}yang{\_}dagstuhl00}}
}

@article{Ryan3Literacy,
    title = {{3 Visualization Techniques to Cultivate Data Literacy}},
    author = {Ryan, Lindy}
}

@article{Hundhausen1996AEffectiveness,
    title = {{A Meta-Study of Software Visualization Effectiveness}},
    year = {1996},
    author = {Hundhausen, Christopher D}
}

@article{IsenbergACharts,
    title = {{A Study on Dual-Scale Data Charts}},
    author = {Isenberg, Petra and Bezerianos, Anastasia and Dragicevic, Pierre and Fekete, Jean-Daniel},
    keywords = {Dual-Scale Charts, Index Terms—Focus+Context, Quantitative Experiment}
}

@article{Liu2014AChallenges,
    title = {{A survey on information visualization: recent advances and challenges}},
    year = {2014},
    journal = {Vis Comput},
    author = {Liu, Shixia and Cui, Weiwei and Wu, Yingcai and Liu, Mengchen},
    pages = {1373--1393},
    volume = {30},
    doi = {10.1007/s00371-013-0892-3},
    keywords = {Information visualization {\textperiodcentered}, Interactive techniques {\textperiodcentered}, Large datasets}
}

@article{PfitznerAVisualization,
    title = {{A Unified Taxonomic Framework for Information Visualization}},
    author = {Pfitzner, Darius and Hobbs, Vaughan and Powers, David},
    keywords = {Human Computer Interaction, Information Visualization, Taxonomy}
}

@article{Livnat2005ADetection,
    title = {{A Visualization Paradigm for Network Intrusion Detection}},
    year = {2005},
    author = {Livnat, Yarden and Agutter, Jim and Moon, Shaun and Erbacher, Robert F and Foresti, Stefano},
    pages = {17--19}
}

@article{SaketBeyondVisualization,
    title = {{Beyond Usability and Performance: A Review of User Experience-focused Evaluations in Visualization}},
    author = {Saket, Bahador and Endert, Alex and Stasko, John},
    keywords = {Data visualization, engagement, enjoyment, memora-bility, usability goals, user experience goals}
}

@article{RussomBIGAnalytics,
    title = {{BIG DATA ANALYTICS TDWI besT pracTIces reporT Introduction to Big Data Analytics}},
    author = {Russom, Philip},
    keywords = {advanced, analytics, barriers, benefits, best practices, big data, organization, recommendations, techniques, tools, trends, vendor products}
}

@article{TsaiBigSurvey,
    title = {{Big data analytics: a survey}},
    author = {Tsai, Chun‑wei and Lai, Chin‑feng and Chao, Han‑chieh and Vasilakos, Athanasios V},
    doi = {10.1186/s40537-015-0030-3},
    keywords = {Big data, data analytics, data mining}
}

@article{FisherBigInfrastructures,
    title = {{Big Data Exploration Requires Collaboration Between Visualization and Data Infrastructures}},
    author = {Fisher, Danyel},
    doi = {10.1145/2939502.2939518},
    keywords = {big data, data analysis}
}

@article{FewBigRuse,
    title = {{Big Data, Big Ruse}},
    author = {Few, Stephen},
    keywords = {BI, Business Intelligence, Stephen Few, data visualization, data warehousing}
}

@article{BerryBinX:Levels,
    title = {{BinX: Dynamic Exploration of Time Series Datasets Across Aggregation Levels}},
    author = {Berry, Lior and Munzner, Tamara},
    keywords = {CR Categories, I36 [Computer Graphics], aggregation, detail, marking, overview, time series}
}

@article{Ch_29Interaction_design,
    title = {{Ch{\_}29 Interaction{\_}design}}
}

@article{VanWijkClusterData,
    title = {{Cluster and Calendar based Visualization of Time Series Data}},
    author = {Van Wijk, Jarke J and Van Selow, Edward R}
}

@article{GoldbergComparingACriticalLookatEyeTracking,
    title = {{Comparing Information Graphics : ACriticalLookatEyeTracking}},
    author = {Goldberg, Josephh and Helfman, Jonathani},
    doi = {10.1145/2110192.2110203},
    keywords = {CategoriesandSubjectDescriptorsH52[UserInterfaces], Design, Experimentation, EyeTracking, H12[User/MachineSystems]GeneralTermsMeasurement, HumanFactorsKeywordsEvaluation, Performance, Visualization}
}

@article{Hyndman2017CRANAnalysis,
    title = {{CRAN Task View: Time Series Analysis}},
    year = {2017},
    author = {Hyndman, Rob J}
}

@article{ThakurDataSeries,
    title = {{Data Vases: 2D and 3D Plots for Visualizing Multiple Time Series}},
    author = {Thakur, Sidharth and Rhyne, Theresa-Marie}
}

@article{Few2007DataFuture,
    title = {{Data Visualization - Past, Present, and Future}},
    year = {2007},
    author = {Few, Stephen},
    keywords = {Cognos, Perceptual Edge, data visualization, information visualization, visual communication, visual data analysis}
}

@article{PavliscakDesignInterfaces,
    title = {{Design for Voice Interfaces}},
    author = {Pavliscak, Pamela and Klein, Laura}
}

@article{DataDEUTSCHEUNTERNEHMEN,
    title = {{DEUTSCHE UND FRANZ{\"{O}}SISCHE UNTERNEHMEN}},
    author = {Data, B I G}
}

@article{Ahlberg1992DynamicEvaluation,
    title = {{Dynamic Queries for Information Exploration: An Implementation and Evaluation}},
    year = {1992},
    author = {Ahlberg, Christopher and Williamson, Christopher and Shneiderman, Ben}
}

@article{HearstEvaluatingScoring,
    title = {{Evaluating Information Visualization via the Interplay of Heuristic Evaluation and Question-Based Scoring}},
    author = {Hearst, Marti A and Laskowski, Paul and Silva, Luis},
    url = {http://dx.doi.org/10.1145/2858036.2858280},
    doi = {10.1145/2858036.2858280},
    keywords = {Assessment, Education, Heuristic Evaluation, Miscellaneous Author Keywords Visualization, Question Answering, Usability Testing}
}

@article{HearstEvaluatingScoringb,
    title = {{Evaluating Information Visualization via the Interplay of Heuristic Evaluation and Question-Based Scoring}},
    author = {Hearst, Marti A and Laskowski, Paul and Silva, Luis},
    url = {http://dx.doi.org/10.1145/2858036.2858280},
    doi = {10.1145/2858036.2858280},
    keywords = {Assessment, Education, Heuristic Evaluation, Miscellaneous Author Keywords Visualization, Question Answering, Usability Testing}
}

@article{Globus1995EvaluationSoftware,
    title = {{Evaluation of Visualization Software}},
    year = {1995},
    author = {Globus, Ai and Uselton, Sam},
    doi = {10.1145/204362.204372}
}

@article{LinExperiencingSeries,
    title = {{Experiencing SAX: a Novel Symbolic Representation of Time Series}},
    author = {Lin, Jessica and Keogh, Eamonn and Wei, Li and Lonardi, Stefano},
    keywords = {Data Mining, Discretize, Symbolic Representation, Time Series}
}

@article{Zhao2011ExploratoryChronoLenses,
    title = {{Exploratory Analysis of Time-series with ChronoLenses}},
    year = {2011},
    journal = {IEEE Transactions on Visualization and Computer Graphics},
    author = {Zhao, Jian and Chevalier, Fanny and Pietriga, Emmanuel and Balakrishnan, Ravin},
    number = {12},
    pages = {2422--2431},
    volume = {17},
    publisher = {Institute of Electrical and Electronics Engineers},
    url = {https://hal.inria.fr/inria-00637082},
    doi = {10.1109/TVCG.2011.195>}
}

@article{FiveChallenges,
    title = {{Five big data challenges}}
}

@article{Full-text,
    title = {{full-text}}
}

@article{Knigge2006GroundedVisualization,
    title = {{Grounded visualization: Integrating the analysis of qualitative and quantitative data through grounded theory and visualization}},
    year = {2006},
    journal = {Environment and Planning A},
    author = {Knigge, LaDona and Cope, Meghan},
    isbn = {0308-518X},
    doi = {10.1068/a37327},
    issn = {0308518X}
}

@article{FragenHierAlena,
    title = {{Hier sind die wichtigsten Infos zum Hackathon zusammengestellt. Bei Fragen wendet euch einfach an Alex oder Alena}},
    author = {Fragen, Bei and Andreas, Brummer and Beyer, Alena}
}

@article{GrinsteinHigh-DimensionalVisualizations,
    title = {{High-Dimensional Visualizations}},
    author = {Grinstein, Georges and Trutschl, Marjan and Cvek, Urška},
    keywords = {evaluation, high-dimensional data visualization, metrics, visualization techniques overview}
}

@article{GrinsteinHigh-DimensionalVisualizationsb,
    title = {{High-Dimensional Visualizations}},
    author = {Grinstein, Georges and Trutschl, Marjan and Cvek, Urška},
    keywords = {evaluation, high-dimensional data visualization, metrics, visualization techniques overview}
}

@article{HOCHSCHULEFH,
    title = {{HOCHSCHULE MITTWEIDA (FH)}}
}

@article{Lee2016HowSensemaking,
    title = {{How do People Make Sense of Unfamiliar Visualizations?: A Grounded Model of Novice's Information Visualization Sensemaking}},
    year = {2016},
    journal = {IEEE Transactions on Visualization and Computer Graphics},
    author = {Lee, Sukwon and Kim, Sung Hee and Hung, Ya Hsin and Lam, Heidi and Kang, Youn Ah and Yi, Ji Soo},
    isbn = {1077-2626 VO  - 22},
    doi = {10.1109/TVCG.2015.2467195},
    issn = {10772626},
    pmid = {26529524},
    keywords = {Data visualization, Encoding, Hidden Markov models, Image color analysis, Interviews, Vehicles, Visualization}
}

@article{Aggarwal1999HumanReview,
    title = {{Human Motion Analysis: A Review}},
    year = {1999},
    journal = {Computer Vision and Image Understanding},
    author = {Aggarwal, J K and Cai, Q},
    number = {3},
    pages = {428--440},
    volume = {73},
    url = {http://www.idealibrary.com}
}

@article{Picket1988IconographicData,
    title = {{Iconographic Displays for visualizing multidimensional data}},
    year = {1988},
    journal = { Proceedings of the 1988 IEEE Conference on Systems, Man, and Cybernetics},
    author = {Picket, Ronald M. and Grinstein, Georges G.},
    volume = {514}
}

@phdthesis{Yuhua2008ImplementationDiagrams,
    title = {{Implementation of 3D Kiviat Diagrams}},
    year = {2008},
    author = {Yuhua, Guo and Kerren, Andreas},
    pages = {37},
    school = {V{\"{a}}xj{\"{o}} University }
}

@article{MichelleBorkinInformationPseudo-Science,
    title = {{Information Visualization Research as Pseudo-Science}},
    author = {Michelle Borkin, by A and Bylinskii, Zoya and Wook Kim, Nam and May Bainbridge, Constance and Yeh, Chelsea S and Borkin, Daniel},
    keywords = {Perceptual Edge, Stephen Few, data visualization, infographic, infovis, memorability, recall, recognition, research, scientific method, visual perception}
}

@article{Qlik2015InnovationAnalytics,
    title = {{Innovation in Visual Analytics}},
    year = {2015},
    author = {{Qlik}}
}

@article{Thesis2016InteractiveCibulski,
    title = {{Interactive Visual Analysis of Gear Stress as Surface Ensemble Lena Cibulski}},
    year = {2016},
    author = {Thesis, Bachelor}
}

@article{WongsuphasawatLifeFlow:Sequences,
    title = {{LifeFlow: Visualizing an Overview of Event Sequences}},
    author = {Wongsuphasawat, Krist and Guerra G{\'{o}}mez, John Alexis and Plaisant, Catherine and Wang, Taowei David and Shneiderman, Ben and Taieb-Maimon, Meirav},
    keywords = {Author Keywords Timestamped Event Sequences, User Inter-faces—Graphical user interfaces (GUI)}
}

@article{philAndreasWrobel-LeipoldZweitpruferMarkusSchubertMedienNerd,
    title = {{Medien und ihre Relevanz f{\"{u}}r Softwareentwickler. Eine qualitative Untersuchung {\"{u}}ber das Informations-und Kommunikationsverhalten des heutigen Nerd}},
    author = {phil Andreas Wrobel-Leipold Zweitpr{\"{u}}fer Markus Schubert, Erstprüfer MA},
    keywords = {Information, Kommunikation, Nerd, Qualitative Untersuchung}
}

@article{EickNavigatingHierarchies,
    title = {{Navigating Large Networks with Hierarchies}},
    author = {Eick, Stephen G and Wills, Graham J}
}

@article{PalpanasOnlineSeries,
    title = {{Online Amnesic Approximation of Streaming Time Series}},
    author = {Palpanas, Themistoklis and Vlachos, Michail and Keogh, Eamonn and Gunopulos, Dimitrios and Truppel, Wagner}
}

@article{InselbergParallelGeometry,
    title = {{Parallel Coordinates: A tool for visualizing multi-dimensional geometry}},
    author = {Inselberg, Alfred and Dimsdale, Bernard}
}

@article{Adams1992PerceivedReplication,
    title = {{Perceived Usefulness, Ease of Use, and Usage of Information Technology: A Replication}},
    year = {1992},
    journal = {Source: MIS Quarterly},
    author = {Adams, Dennis A and Nelson, R Ryan and Todd, Peter A},
    number = {2},
    pages = {227--247},
    volume = {16},
    url = {http://www.jstor.org/stable/249577}
}

@misc{PlotlyR,
    title = {{plotly for R}},
    url = {https://cpsievert.github.io/plotly{\_}book/linking-views-without-shiny.html}
}

@article{Guide2016QlikGeneration,
    title = {{Qlik Sense Extension for On-Demand App Generation}},
    year = {2016},
    author = {Guide, User}
}

@article{HarrisonRankingLaw,
    title = {{Ranking Visualizations of Correlation Using Weber's Law}},
    author = {Harrison, Lane and Yang, Fumeng and Franconeri, Steven and Chang, Remco},
    keywords = {Evaluation, Index Terms—Perception, Visualization}
}

@article{ToryRethinkingTaxonomy,
    title = {{Rethinking Visualization: A High-Level Taxonomy}},
    author = {Tory, Melanie and M{\"{o}}ller, Torsten},
    keywords = {ACM categories, H11 Systems and Information Theory Keywords, classification, conceptual model, design model, taxonomy, user model, visualization}
}

@article{ToryRethinkingTaxonomyb,
    title = {{Rethinking Visualization: A High-Level Taxonomy}},
    author = {Tory, Melanie and M{\"{o}}ller, Torsten},
    keywords = {ACM categories, H11 Systems and Information Theory Keywords, classification, conceptual model, design model, taxonomy, user model, visualization}
}

@article{HeerSizingVisualizations,
    title = {{Sizing the Horizon: The Effects of Chart Size and Layering on the Graphical Perception of Time Series Visualizations}},
    author = {Heer, Jeffrey and Kong, Nicholas and Agrawala, Maneesh},
    keywords = {data, experiment, graphical perception, horizon graphs, information, line charts, performance, time series, visualization}
}

@article{Herr2011StoriesJournalismus,
    title = {{Stories in Data: Das Potential von Daten und ihr Einfluss auf den Journalismus}},
    year = {2011},
    author = {Herr, Bachelorarbeit and Haase, Alexander}
}

@article{LeeSupplementalTest,
    title = {{Supplemental Material VLAT: Development of a Visualization Literacy Assessment Test}},
    author = {Lee, Sukwon and Kim, Sung-Hee and Kwon, Bum Chul}
}

@article{ShanbhagTemporalData,
    title = {{Temporal Visualization of Planning Polygons for Efficient Partitioning of Geo - Spatial Data}},
    author = {Shanbhag, Poonam and Rheingans, Penny and Desjardins, Marie},
    doi = {10.1109/INFVIS.2005.1532149},
    keywords = {Keywords}
}

@article{Plaisant2004TheEvaluation,
    title = {{The Challenge of Information Visualization Evaluation}},
    year = {2004},
    journal = {IEEE Proc. of AVI},
    author = {Plaisant, Catherine},
    keywords = {Human Factors Keywords Evaluation, Measurement, Performance, adoption, return on investment, technology transfer, usability, usefulness, user studies}
}

@article{WilkinsonTheContributions,
    title = {{The Grammar of Graphics Second Edition With 410 Illustrations, 319 in Full Color With contributions}},
    author = {Wilkinson, Leland and Wills, Graham and Rope, Dan and Norton, Andrew and Dubbs, Roger}
}

@article{InselbergTheCoordinates,
    title = {{The plane with parallel coordinates}},
    author = {Inselberg, Alfred}
}

@article{VanWijkTheVisualization,
    title = {{The Value of Visualization}},
    author = {Van Wijk, Jarke J},
    keywords = {Applications Keywords, CR Categories, H52 [Information Interfaces and Presenta-tion], I36 [Computer Graphics], Methodology and Techniques I38 [Computer Graphics], User Interfaces, Visualization, evaluation}
}

@misc{TimeForecasting,
    title = {{Time Series Analysis for Business Forecasting}},
    url = {http://home.ubalt.edu/ntsbarsh/Business-stat/stat-data/Forecast.htm{\#}rlearnpsych}
}

@article{Burch2008TimeRadarTrees:Digraphs,
    title = {{TimeRadarTrees: Visualizing Dynamic Compound Digraphs}},
    year = {2008},
    author = {Burch, M and Diehl, S},
    number = {3},
    volume = {27},
    keywords = {E1 [Data Structures], Graphs and Networks}
}

@article{GuldenTowardModeling,
    title = {{Toward Advanced Visualization Techniques for Conceptual Modeling}},
    author = {Gulden, Jens and Reijers, Hajo A},
    keywords = {Analysis, Cognitive Efficiency, Human-Computer-Interaction, Modeling, Visualization}
}

@article{Keim1994VisDB:Visualization,
    title = {{VisDB: Database Exploration Using Multidimensional Visualization}},
    year = {1994},
    author = {Keim, Daniel A and Kriegel, Hans-Peter},
    keywords = {Data Exploration and Analysis, Interfaces to Database Systems, Visual Query Support, Visualizing Large Data Sets, Visualizing Multidimen-sional Multivariate Data}
}

@article{EidenbergerVisualMining,
    title = {{Visual Data Mining}},
    author = {Eidenberger, Horst},
    keywords = {Content-based Visual Information Retrieval, Data Mining, Information Visualisation, Similarity Measurement, User Interface Design}
}

@article{EidenbergerVisualMiningb,
    title = {{Visual Data Mining}},
    author = {Eidenberger, Horst},
    keywords = {Content-based Visual Information Retrieval, Data Mining, Information Visualisation, Similarity Measurement, User Interface Design}
}

@article{LinVisualizingDatabases,
    title = {{Visualizing and Discovering Non-Trivial Patterns In Large Time Series Databases Short running title: Time Series Visualization Visualizing and Discovering Non-Trivial Patterns In Large Time Series Databases}},
    author = {Lin, Jessica and Keogh, Eamonn and Lonardi, Stefano},
    keywords = {Anomaly Detection, Motif Discovery, Pattern Discovery, Time Series, Visualization}
}

@article{LeeVLATTest,
    title = {{VLAT : Development of a Visualization Literacy Assessment Test}},
    author = {Lee, Sukwon and Kim, Sung-Hee and Kwon, Bum Chul},
    doi = {10.1109/TVCG.2016.2598920},
    keywords = {Aptitude, Assessment Test, Education, Index Terms—Visualization Literacy, Instrument, Measurement}
}

@article{TimI-HsuanHsiao2000WEB-BASEDOLAP,
    title = {{WEB-BASED OLAP}},
    year = {2000},
    author = {Tim I-Hsuan Hsiao, By}
}

@article{Wickham_2009_ggplot2Analysis,
    title = {{Wickham{\_}2009{\_}ggplot2 Elegant Graphics for Data Analysis}}
}